%% This BibTeX bibliography file was created using BibDesk.
%% https://bibdesk.sourceforge.io/

%% Created for David J.T. Sumpter at 2023-03-05 14:15:21 +0100 


%% Saved with string encoding Unicode (UTF-8) 



@article{fawcett2006introduction,
	author = {Fawcett, Tom},
	journal = {Pattern recognition letters},
	number = {8},
	pages = {861--874},
	publisher = {Elsevier},
	title = {An introduction to ROC analysis},
	volume = {27},
	year = {2006}}

@inproceedings{chinchor1993muc,
  title={MUC-5 evaluation metrics},
  author={Chinchor, Nancy and Sundheim, Beth M},
  booktitle={Fifth Message Understanding Conference (MUC-5): Proceedings of a Conference Held in Baltimore, Maryland, August 25-27, 1993},
  year={1993}
}

@article{scott2005neyman,
  title={A Neyman-Pearson approach to statistical learning},
  author={Scott, Clayton and Nowak, Robert},
  journal={IEEE Transactions on Information Theory},
  volume={51},
  number={11},
  pages={3806--3819},
  year={2005},
  publisher={IEEE}
}